
@incollection{mayer_altersdiskriminierung_2009,
	title = {Altersdiskriminierung},
	url = {http://link.springer.com/chapter/10.1007/978-3-531-91621-7_11},
	urldate = {2013-11-15},
	booktitle = {Diskriminierung und Toleranz},
	publisher = {Springer},
	author = {Mayer, Anne-Kathrin and Rothermund, Klaus},
	editor = {Beelmann, Andreas and Jonas, Kai J},
	year = {2009},
	pages = {215{\textendash}240},
	file = {Snapshot:/Users/jenskouros/Library/Application Support/Firefox/Profiles/75bvjekt.default/zotero/storage/UZW9TPW8/978-3-531-91621-7_11.html:text/html}
},

@article{stephan_bridging_2006,
	title = {Bridging the Researcher-Practitioner Divide in Intergroup Relations},
	volume = {62},
	url = {http://onlinelibrary.wiley.com/doi/10.1111/j.1540-4560.2006.00475.x/full},
	number = {3},
	urldate = {2013-10-15},
	journal = {Journal of social issues},
	author = {Stephan, Walter G.},
	year = {2006},
	pages = {597{\textendash}605},
	file = {Stephan_2006_Bridging the Researcher-Practitioner Divide in Intergroup Relations.pdf:/Users/jenskouros/Dropbox/Studium/Master/M6/3471/Stephan_2006_Bridging the Researcher-Practitioner Divide in Intergroup Relations.pdf:application/pdf}
},

@article{rhew_sustained_2013,
	title = {Sustained effects of the Communities That Care system on prevention service system transformation},
	volume = {103},
	url = {http://ajph.aphapublications.org/doi/full/10.2105/AJPH.2011.300567},
	number = {3},
	urldate = {2013-10-15},
	journal = {American journal of public health},
	author = {Rhew, Isaac C. and Brown, Eric C. and Hawkins, J. David and Briney, John S.},
	year = {2013},
	pages = {529{\textendash}535},
	file = {Rhew et al_2013_Sustained effects of the Communities that Care.pdf:/Users/jenskouros/Dropbox/Studium/Master/M6/3471/Rhew et al_2013_Sustained effects of the Communities that Care.pdf:application/pdf}
},

@article{prilleltensky_value-based_2001,
	title = {Value-based praxis in community psychology: Moving toward social justice and social action},
	volume = {29},
	shorttitle = {Value-based praxis in community psychology},
	url = {http://link.springer.com/article/10.1023/A:1010417201918},
	number = {5},
	urldate = {2013-10-15},
	journal = {American journal of community psychology},
	author = {Prilleltensky, Isaac},
	year = {2001},
	pages = {747{\textendash}778},
	file = {Prilleltensky_2001_Value-based praxis in Community Psychology.pdf:/Users/jenskouros/Dropbox/Studium/Master/M6/3471/Prilleltensky_2001_Value-based praxis in Community Psychology.pdf:application/pdf}
},

@article{meyers_practical_2012,
	title = {Practical Implementation Science: Developing and Piloting the Quality Implementation Tool},
	volume = {50},
	issn = {0091-0562, 1573-2770},
	shorttitle = {Practical Implementation Science},
	url = {http://link.springer.com/10.1007/s10464-012-9521-y},
	doi = {10.1007/s10464-012-9521-y},
	number = {3-4},
	urldate = {2013-10-15},
	journal = {American Journal of Community Psychology},
	author = {Meyers, Duncan C. and Katz, Jason and Chien, Victoria and Wandersman, Abraham and Scaccia, Jonathan P. and Wright, Annie},
	month = may,
	year = {2012},
	pages = {481--496},
	file = {Meyers et al_2012_Practical Implementation Science_Developing and Piloting the Qualitity.pdf:/Users/jenskouros/Dropbox/Studium/Master/M6/3471/Meyers et al_2012_Practical Implementation Science_Developing and Piloting the Qualitity.pdf:application/pdf}
},

@article{luke_getting_2005,
	title = {Getting the Big Picture in Community Science: Methods That Capture Context},
	volume = {35},
	issn = {0091-0562, 1573-2770},
	shorttitle = {Getting the Big Picture in Community Science},
	url = {http://link.springer.com/10.1007/s10464-005-3397-z},
	doi = {10.1007/s10464-005-3397-z},
	number = {3-4},
	urldate = {2013-10-15},
	journal = {American Journal of Community Psychology},
	author = {Luke, Douglas A.},
	month = jun,
	year = {2005},
	pages = {185--200},
	file = {Luke_2005_Getting the big picture in community science.pdf:/Users/jenskouros/Dropbox/Studium/Master/M6/3471/Luke_2005_Getting the big picture in community science.pdf:application/pdf}
},

@article{kohfeldt_five_2012,
	title = {The Five Whys Method: A Tool for Developing Problem Definitions in Collaboration with Children: The Five Whys},
	volume = {22},
	issn = {10529284},
	shorttitle = {The Five Whys Method},
	url = {http://doi.wiley.com/10.1002/casp.1114},
	doi = {10.1002/casp.1114},
	number = {4},
	urldate = {2013-10-15},
	journal = {Journal of Community \& Applied Social Psychology},
	author = {Kohfeldt, Danielle and Langhout, Regina Day},
	month = jul,
	year = {2012},
	pages = {316--329},
	file = {Kohfeldt_Day Langhout_2012_The five whys method_ A tool for developing problem definitions.pdf:/Users/jenskouros/Dropbox/Studium/Master/M6/3471/Kohfeldt_Day Langhout_2012_The five whys method_ A tool for developing problem definitions.pdf:application/pdf}
},

@article{fagan_translational_2009,
	title = {Translational research in action: implementation of the communities that care prevention system in 12 communities},
	volume = {37},
	issn = {00904392, 15206629},
	shorttitle = {Translational research in action},
	url = {http://doi.wiley.com/10.1002/jcop.20332},
	doi = {10.1002/jcop.20332},
	number = {7},
	urldate = {2013-10-15},
	journal = {Journal of Community Psychology},
	author = {Fagan, Abigail A. and Hanson, Koren and Hawkins, J. David and Arthur, Michael W.},
	month = sep,
	year = {2009},
	pages = {809--829},
	file = {Fagan et al_2009_Translational research in action.pdf:/Users/jenskouros/Dropbox/Studium/Master/M6/3471/Fagan et al_2009_Translational research in action.pdf:application/pdf}
},

@article{jacquez_youth_2012,
	title = {Youth as Partners, Participants or Passive Recipients: A Review of Children and Adolescents in Community-Based Participatory Research ({CBPR)}},
	volume = {51},
	issn = {0091-0562, 1573-2770},
	shorttitle = {Youth as Partners, Participants or Passive Recipients},
	url = {http://link.springer.com/10.1007/s10464-012-9533-7},
	doi = {10.1007/s10464-012-9533-7},
	number = {1-2},
	urldate = {2013-10-15},
	journal = {American Journal of Community Psychology},
	author = {Jacquez, Farrah and Vaughn, Lisa M. and Wagner, Erin},
	month = jun,
	year = {2012},
	pages = {176--189},
	file = {Jacquez et al. - 2012 - Youth as Partners, Participants or Passive Recipie.pdf:/Users/jenskouros/Dropbox/Studium/Master/M6/3471/Jacquez et al._2012_Youth as Partners, Participants or Passive Recipie.pdf:application/pdf}
},

@article{luke_getting_2005-1,
	title = {Getting the Big Picture in Community Science: Methods That Capture Context},
	volume = {35},
	issn = {0091-0562, 1573-2770},
	shorttitle = {Getting the Big Picture in Community Science},
	url = {http://link.springer.com/10.1007/s10464-005-3397-z},
	doi = {10.1007/s10464-005-3397-z},
	number = {3-4},
	urldate = {2013-10-15},
	journal = {American Journal of Community Psychology},
	author = {Luke, Douglas A.},
	month = jun,
	year = {2005},
	pages = {185--200},
	file = {Douglas_2005_Getting the big picture in community science.pdf:/Users/jenskouros/Dropbox/Studium/Master/M6/3471/Douglas_2005_Getting the big picture in community science.pdf:application/pdf}
},

@article{dixon_beyond_2012,
	title = {Beyond prejudice: Are negative evaluations the problem and is getting us to like one another more the solution?},
	volume = {35},
	issn = {0140-{525X}, 1469-1825},
	shorttitle = {Beyond prejudice},
	url = {http://www.journals.cambridge.org/abstract_S0140525X11002214},
	doi = {10.1017/S0140525X11002214},
	number = {06},
	urldate = {2013-10-15},
	journal = {Behavioral and Brain Sciences},
	author = {Dixon, John and Levine, Mark and Reicher, Steve and Durrheim, Kevin},
	month = nov,
	year = {2012},
	pages = {411--425},
	file = {Dixon et.al_2012_Beyond prejudice.pdf:/Users/jenskouros/Dropbox/Studium/Master/M6/3471/Dixon et.al_2012_Beyond prejudice.pdf:application/pdf}
},

@article{cattaneo_process_2010,
	title = {The process of empowerment: A model for use in research and practice.},
	volume = {65},
	issn = {1935-{990X}, 0003-{066X}},
	shorttitle = {The process of empowerment},
	url = {http://doi.apa.org/getdoi.cfm?doi=10.1037/a0018854},
	doi = {10.1037/a0018854},
	number = {7},
	urldate = {2013-10-15},
	journal = {American Psychologist},
	author = {Cattaneo, Lauren Bennett and Chapman, Aliya R.},
	year = {2010},
	pages = {646--659},
	file = {Cattaneo_Chapman_2010_The process of empowerment.pdf:/Users/jenskouros/Dropbox/Studium/Master/M6/3471/Cattaneo_Chapman_2010_The process of empowerment.pdf:application/pdf}
},

@article{catalani_photovoice:_2010,
	title = {Photovoice: A Review of the Literature in Health and Public Health},
	volume = {37},
	issn = {1090-1981, 1552-6127},
	shorttitle = {Photovoice},
	url = {http://heb.sagepub.com/cgi/doi/10.1177/1090198109342084},
	doi = {10.1177/1090198109342084},
	number = {3},
	urldate = {2013-10-15},
	journal = {Health Education \& Behavior},
	author = {Catalani, C. and Minkler, M.},
	year = {2010},
	pages = {424--451},
	file = {Catalani_Minkler_2010_Photovoice_ A Review of the literature in health and public health.pdf:/Users/jenskouros/Dropbox/Studium/Master/M6/3471/Catalani_Minkler_2010_Photovoice_ A Review of the literature in health and public health.pdf:application/pdf}
},

@article{bolger_diary_2003,
	title = {Diary Methods: Capturing Life as it is Lived},
	volume = {54},
	issn = {0066-4308, 1545-2085},
	shorttitle = {Diary Methods},
	url = {http://www.annualreviews.org/doi/abs/10.1146/annurev.psych.54.101601.145030},
	doi = {10.1146/annurev.psych.54.101601.145030},
	number = {1},
	urldate = {2013-10-15},
	journal = {Annual Review of Psychology},
	author = {Bolger, Niall and Davis, Angelina and Rafaeli, Eshkol},
	month = feb,
	year = {2003},
	pages = {579--616},
	file = {Bolger_Davis_Rafaeli_2003_Diary methods_Capturing life as it is lived.pdf:/Users/jenskouros/Dropbox/Studium/Master/M6/3471/Bolger_Davis_Rafaeli_2003_Diary methods_Capturing life as it is lived.pdf:application/pdf}
},

@book{bliesener_antisocial_2012,
	title = {Antisocial behavior and crime},
	url = {https://cdp.pageplace.de/cdp/public/publications/DT0026/9781616764241/PREVIEW/89281-9781616764241_ebook_PC_lp.pdf},
	urldate = {2013-10-15},
	publisher = {Hogrefe Publishing {GmbH}},
	author = {Bliesener, Thomas and Beelmann, Andreas and Stemmler, Mark},
	year = {2012},
	keywords = {3471},
	file = {Bliesener et al. - 2012 - Antisocial behavior and crime.pdf:/Users/jenskouros/Dropbox/Studium/Master/M6/3471/Bliesener et al. - 2012 - Antisocial behavior and crime.pdf:application/pdf}
},

@article{wang_photovoice:_1997,
	title = {Photovoice: Concept, methodology, and use for participatory needs assessment},
	volume = {24},
	shorttitle = {Photovoice},
	url = {http://heb.sagepub.com/content/24/3/369.short},
	number = {3},
	urldate = {2013-10-15},
	journal = {Health education \& behavior},
	author = {Wang, Caroline and Burris, Mary Ann},
	year = {1997},
	keywords = {3471},
	pages = {369{\textendash}387},
	file = {Snapshot:/Users/jenskouros/Library/Application Support/Firefox/Profiles/75bvjekt.default/zotero/storage/JIVB3ETC/369.html:text/html;Wang_Burris_1997_Photovoice.pdf:/Users/jenskouros/Dropbox/Studium/Master/M6/3471/Wang_Burris_1997_Photovoice.pdf:application/pdf}
},

@article{campbell_integrating_2012,
	title = {Integrating qualitative and quantitative approaches: An example of mixed methods research.},
	shorttitle = {Integrating qualitative and quantitative approaches},
	url = {http://psycnet.apa.org/books/13492/004},
	urldate = {2013-10-31},
	author = {Campbell, Rebecca and Gregory, Katie A. and Patterson, Debra and Bybee, Deborah},
	year = {2012},
	file = {Campbell et al. - 2012 - Integrating qualitative and quantitative approache.pdf:/Users/jenskouros/Dropbox/Studium/Master/M6/3471/Campbell et al. - 2012 - Integrating qualitative and quantitative approache.pdf:application/pdf;Snapshot:/Users/jenskouros/Library/Application Support/Firefox/Profiles/75bvjekt.default/zotero/storage/KMGVW3M4/004.html:text/html}
},

@incollection{stahlberg_geschlechterdiskriminierung_2009,
	title = {Geschlechterdiskriminierung},
	url = {http://link.springer.com/chapter/10.1007/978-3-531-91621-7_10},
	urldate = {2013-11-08},
	booktitle = {Diskriminierung und Toleranz},
	publisher = {Springer},
	author = {Stahlberg, Dagmar and Dickenberger, Dorothee and Szillis, Ursula},
	year = {2009},
	pages = {193{\textendash}213},
	file = {Snapshot:/Users/jenskouros/Library/Application Support/Firefox/Profiles/75bvjekt.default/zotero/storage/QI3NJSUS/978-3-531-91621-7_10.html:text/html}
},

@article{sue_racial_2007,
	title = {Racial microaggressions in everyday life: Implications for clinical practice.},
	volume = {62},
	issn = {1935-{990X}, 0003-{066X}},
	shorttitle = {Racial microaggressions in everyday life},
	url = {http://doi.apa.org/getdoi.cfm?doi=10.1037/0003-066X.62.4.271},
	doi = {10.1037/0003-066X.62.4.271},
	number = {4},
	urldate = {2013-11-11},
	journal = {American Psychologist},
	author = {Sue, Derald Wing and Capodilupo, Christina M. and Torino, Gina C. and Bucceri, Jennifer M. and Holder, Aisha M. B. and Nadal, Kevin L. and Esquilin, Marta},
	year = {2007},
	keywords = {3472},
	pages = {271--286},
	file = {Sue et al_2007_Racial microaggressions in everyday life.pdf:/Users/jenskouros/Dropbox/Studium/Master/M6/3472/Sue et al_2007_Racial microaggressions in everyday life.pdf:application/pdf}
},

@article{stephan_improving_2012,
	title = {Improving Relations Between Residents and Immigrants: Improving Relations Between Residents and Immigrants},
	volume = {12},
	issn = {15297489},
	shorttitle = {Improving Relations Between Residents and Immigrants},
	url = {http://doi.wiley.com/10.1111/j.1530-2415.2011.01252.x},
	doi = {10.1111/j.1530-2415.2011.01252.x},
	number = {1},
	urldate = {2013-11-11},
	journal = {Analyses of Social Issues and Public Policy},
	author = {Stephan, Walter G.},
	month = dec,
	year = {2012},
	keywords = {3472},
	pages = {33--48},
	file = {Stephan_2012_Improving relations between residents and immigrants.pdf:/Users/jenskouros/Dropbox/Studium/Master/M6/3472/Stephan_2012_Improving relations between residents and immigrants.pdf:application/pdf}
},

@article{simon_when_2013,
	title = {When Dual Identity Becomes a Liability: Identity and Political Radicalism Among Migrants},
	volume = {24},
	issn = {0956-7976, 1467-9280},
	shorttitle = {When Dual Identity Becomes a Liability},
	url = {http://pss.sagepub.com/lookup/doi/10.1177/0956797612450889},
	doi = {10.1177/0956797612450889},
	number = {3},
	urldate = {2013-11-11},
	journal = {Psychological Science},
	author = {Simon, B. and Reichert, F. and Grabow, O.},
	month = jan,
	year = {2013},
	keywords = {3472},
	pages = {251--257},
	file = {Simon_Reichert_Grabow_2013_When dual identity becomes a liability.pdf:/Users/jenskouros/Dropbox/Studium/Master/M6/3472/Simon_Reichert_Grabow_2013_When dual identity becomes a liability.pdf:application/pdf}
},

@article{luthar_children_2005,
	title = {Children of the Affluent. Challenges to Well-Being},
	volume = {14},
	issn = {0963-7214, 1467-8721},
	url = {http://cdp.sagepub.com/lookup/doi/10.1111/j.0963-7214.2005.00333.x},
	doi = {10.1111/j.0963-7214.2005.00333.x},
	number = {1},
	urldate = {2013-11-11},
	journal = {Current Directions in Psychological Science},
	author = {Luthar, Suniya S. and Latendresse, Shawn J.},
	month = feb,
	year = {2005},
	keywords = {3472},
	pages = {49--53},
	file = {Luthar & Latendresse_2005_Children of the affluent.Challenges to well-being.pdf:/Users/jenskouros/Dropbox/Studium/Master/M6/3472/Luthar & Latendresse_2005_Children of the affluent.Challenges to well-being.pdf:application/pdf}
},

@book{beelmann_diskriminierung_2008,
	address = {Wiesbaden},
	title = {Diskriminierung und Toleranz: Psychologische Grundlagen und Anwendungsperspektiven},
	isbn = {3531157329  9783531157320},
	shorttitle = {Diskriminierung und Toleranz},
	language = {German},
	publisher = {{VS} Verlag fu?r Sozialwissenschaften},
	author = {Beelmann, Andreas and Jonas, Kai J},
	year = {2008},
	keywords = {3472},
	file = {Diskriminierung und Toleranz_2009_Beelmann & Jonas (Hrsg.).pdf:/Users/jenskouros/Dropbox/Studium/Master/M6/3472/Diskriminierung und Toleranz_2009_Beelmann & Jonas (Hrsg.).pdf:application/pdf}
},

@article{chen_protective_2012,
	title = {Protective Factors for Health Among Low-Socioeconomic-Status Individuals},
	volume = {21},
	issn = {0963-7214, 1467-8721},
	url = {http://cdp.sagepub.com/lookup/doi/10.1177/0963721412438710},
	doi = {10.1177/0963721412438710},
	number = {3},
	urldate = {2013-11-11},
	journal = {Current Directions in Psychological Science},
	author = {Chen, E.},
	month = may,
	year = {2012},
	keywords = {3472},
	pages = {189--193},
	file = {Chen_2012_Protective factors for health among low-socioeconomic-status individuals.pdf:/Users/jenskouros/Dropbox/Studium/Master/M6/3472/Chen_2012_Protective factors for health among low-socioeconomic-status individuals.pdf:application/pdf}
},

@article{chen_why_2004,
	title = {Why Socioeconomic Status Affects the Health of Children. A Psychosocial Perspective},
	volume = {13},
	issn = {0963-7214, 1467-8721},
	url = {http://cdp.sagepub.com/lookup/doi/10.1111/j.0963-7214.2004.00286.x},
	doi = {10.1111/j.0963-7214.2004.00286.x},
	number = {3},
	urldate = {2013-11-11},
	journal = {Current Directions in Psychological Science},
	author = {Chen, Edith},
	month = jun,
	year = {2004},
	keywords = {3472},
	pages = {112--115},
	file = {Chen_2004_Why socioeconomic status affects the health of children.pdf:/Users/jenskouros/Dropbox/Studium/Master/M6/3472/Chen_2004_Why socioeconomic status affects the health of children.pdf:application/pdf}
},

@article{fetterman_empowerment_2007,
	title = {Empowerment Evaluation: Yesterday, Today, and Tomorrow},
	volume = {28},
	issn = {1098-2140},
	shorttitle = {Empowerment Evaluation},
	url = {http://aje.sagepub.com/cgi/doi/10.1177/1098214007301350},
	doi = {10.1177/1098214007301350},
	number = {2},
	urldate = {2013-12-16},
	journal = {American Journal of Evaluation},
	author = {Fetterman, D. and Wandersman, A.},
	month = jun,
	year = {2007},
	keywords = {3473},
	pages = {179--198}
},

@article{cullen_forms_2011,
	title = {Forms and functions of participatory evaluation in international development: A review of the empirical and theoretical literature},
	volume = {7},
	shorttitle = {Forms and functions of participatory evaluation in international development},
	url = {http://journals.sfu.ca/jmde/index.php/jmde_1/article/view/288},
	number = {16},
	urldate = {2013-12-16},
	journal = {Journal of {MultiDisciplinary} Evaluation},
	author = {Cullen, Anne E. and Coryn, Chris {LS}},
	year = {2011},
	keywords = {3473},
	pages = {32{\textendash}47},
	file = {Cullen und Coryn - 2011 - Forms and functions of participatory evaluation in.pdf:/Users/jenskouros/Dropbox/Studium/Master/M6/3473/Cullen und Coryn - 2011 - Forms and functions of participatory evaluation in.pdf:application/pdf}
},

@article{albarracin_empirical_2006,
	title = {Empirical and Theoretical Conclusions of an Analysis of Outcomes of {HIV-Prevention} Interventions},
	volume = {15},
	issn = {0963-7214, 1467-8721},
	url = {http://cdp.sagepub.com/lookup/doi/10.1111/j.0963-7214.2006.00410.x},
	doi = {10.1111/j.0963-7214.2006.00410.x},
	number = {2},
	urldate = {2013-12-16},
	journal = {Current Directions in Psychological Science},
	author = {Albarracin, Dolores and Durantini, Marta R. and Earl, Allison},
	month = apr,
	year = {2006},
	keywords = {3473},
	pages = {73--78},
	file = {Albarracin et al. - 2006 - Empirical and Theoretical Conclusions of an Analys.pdf:/Users/jenskouros/Dropbox/Studium/Master/M6/3473/Albarracin et al. - 2006 - Empirical and Theoretical Conclusions of an Analys.pdf:application/pdf}
},

@incollection{aberson_diversity_2010,
	address = {Malden, {MA}},
	title = {Diversity experiences and intergroup attitudes},
	url = {http://onlinelibrary.wiley.com/doi/10.1002/9781444325447.ch8/summary},
	urldate = {2013-11-11},
	booktitle = {The psychology of social and cultural diversity},
	publisher = {Wiley-Blackwell},
	author = {Aberson, Christopher L.},
	editor = {Crisp, Richard J},
	year = {2010},
	keywords = {3472},
	pages = {171{\textendash}189},
	file = {Aberson_2010_Diversity experience and intergroup attitudes.pdf:/Users/jenskouros/Dropbox/Studium/Master/M6/3472/Aberson_2010_Diversity experience and intergroup attitudes.pdf:application/pdf;Snapshot:/Users/jenskouros/Library/Application Support/Firefox/Profiles/75bvjekt.default/zotero/storage/WKG4BMZH/summary.html:text/html}
},

@incollection{amiot_facilitating_2010,
	address = {Malden, {MA}},
	title = {Facilitating the development and integration of multiple social identities: The case of immigrants in Qu{\'e}bec.},
	shorttitle = {Facilitating the development and integration of multiple social identities},
	url = {http://psycnet.apa.org/psycinfo/2010-14788-003},
	urldate = {2013-11-11},
	booktitle = {The psychology of social and cultural diversity},
	publisher = {Wiley-Blackwell},
	author = {Amiot, Catherine E. and de la Sablonni{\`e}re, Roxane},
	editor = {Crisp, Richard J},
	year = {2010},
	keywords = {3472},
	pages = {34--61},
	file = {Amiot & Sablonniere_2010_Facilitating the development and integration.pdf:/Users/jenskouros/Dropbox/Studium/Master/M6/3472/Amiot & Sablonniere_2010_Facilitating the development and integration.pdf:application/pdf;Snapshot:/Users/jenskouros/Library/Application Support/Firefox/Profiles/75bvjekt.default/zotero/storage/AJHA84P3/2010-14788-003.html:text/html}
},

@incollection{brewer_social_2010,
	address = {Malden, {MA}},
	title = {Social identity complexity and acceptance of diversity.},
	url = {http://psycnet.apa.org/psycinfo/2010-14788-002},
	urldate = {2013-11-11},
	booktitle = {The psychology of social and cultural diversity},
	publisher = {Wiley-Blackwell},
	author = {Brewer, Marilynn B.},
	editor = {Crisp, Richard J},
	year = {2010},
	keywords = {3472},
	pages = {11--33},
	file = {Brewer_2010_Social identity complexity and acceptance of diversity.pdf:/Users/jenskouros/Dropbox/Studium/Master/M6/3472/Brewer_2010_Social identity complexity and acceptance of diversity.pdf:application/pdf;Snapshot:/Users/jenskouros/Library/Application Support/Firefox/Profiles/75bvjekt.default/zotero/storage/I6AVZVQX/2010-14788-002.html:text/html}
},

@incollection{cameron_application_2010,
	address = {Malden, {MA}},
	title = {The Application of Diversity-Based Interventions to Policy and Practice},
	url = {http://onlinelibrary.wiley.com/doi/10.1002/9781444325447.ch14/summary},
	urldate = {2013-11-11},
	booktitle = {The psychology of social and cultural diversity},
	publisher = {Wiley-Blackwell},
	author = {Cameron, Lindsey and Turner, Rhiannon N.},
	editor = {Crisp, Richard J},
	year = {2010},
	keywords = {3472},
	pages = {322{\textendash}351},
	file = {Cameron & Turmer_2010_The application of diversity-based interventions to policy and practice.pdf:/Users/jenskouros/Dropbox/Studium/Master/M6/3472/Cameron & Turmer_2010_The application of diversity-based interventions to policy and practice.pdf:application/pdf;Snapshot:/Users/jenskouros/Library/Application Support/Firefox/Profiles/75bvjekt.default/zotero/storage/MKANBVJ9/summary.html:text/html}
},

@incollection{nguyen_multicultural_2010,
	address = {Malden, {MA}},
	title = {Multicultural identity: What it is and why it matters.},
	shorttitle = {Multicultural identity},
	url = {http://psycnet.apa.org/psycinfo/2010-14788-005},
	urldate = {2013-11-11},
	booktitle = {The psychology of social and cultural diversity},
	publisher = {Wiley-Blackwell},
	author = {Nguyen, Angela-{MinhTu} D. and Benet-Mart{\'i}nez, Ver{\'o}nica},
	year = {2010},
	keywords = {3472},
	pages = {87--114},
	file = {Nguyen_Benet-Martinez_2010_Multicultural Identity.pdf:/Users/jenskouros/Dropbox/Studium/Master/M6/3472/Nguyen_Benet-Martinez_2010_Multicultural Identity.pdf:application/pdf;Snapshot:/Users/jenskouros/Library/Application Support/Firefox/Profiles/75bvjekt.default/zotero/storage/FVTRA49J/2010-14788-005.html:text/html}
},

@incollection{shih_costs_2010,
	address = {Malden, {MA}},
	title = {Costs and benefits of switching among multiple social identities.},
	url = {http://psycnet.apa.org/psycinfo/2010-14788-004},
	urldate = {2013-11-11},
	booktitle = {The psychology of social and cultural diversity},
	publisher = {Wiley-Blackwell},
	author = {Shih, Margaret and Sanchez, Diana T. and Ho, Geoffrey C.},
	editor = {Crisp, Richard J},
	year = {2010},
	keywords = {3472},
	pages = {62--83},
	file = {Shih_Sanchez_Ho_2010_Costs and Benefits of Switching.pdf:/Users/jenskouros/Dropbox/Studium/Master/M6/3472/Shih_Sanchez_Ho_2010_Costs and Benefits of Switching.pdf:application/pdf;Snapshot:/Users/jenskouros/Library/Application Support/Firefox/Profiles/75bvjekt.default/zotero/storage/MGM7S7HS/2010-14788-004.html:text/html}
},

@incollection{van_knippenberg_categorization-elaboration_2010,
	address = {Malden, {MA}},
	title = {The categorization-elaboration model of work group diversity: Wielding the double-edged sword.},
	shorttitle = {The categorization-elaboration model of work group diversity},
	url = {http://psycnet.apa.org/psycinfo/2010-14788-011},
	urldate = {2013-11-11},
	booktitle = {The psychology of social and cultural diversity},
	publisher = {Wiley-Blackwell},
	author = {van Knippenberg, Daan and van Ginkel, Wendy P.},
	editor = {Crisp, Richard J},
	year = {2010},
	keywords = {3472},
	pages = {257--280},
	file = {Snapshot:/Users/jenskouros/Library/Application Support/Firefox/Profiles/75bvjekt.default/zotero/storage/HH9GSCHU/2010-14788-011.html:text/html;van Knippenberg & Ginkel_2010_The categorization-elaboration model of work group diversity.pdf:/Users/jenskouros/Dropbox/Studium/Master/M6/3472/van Knippenberg & Ginkel_2010_The categorization-elaboration model of work group diversity.pdf:application/pdf}
},

@article{finifter_comprehensive_2005,
	title = {A comprehensive, multitiered, targeted community needs assessment model: Methodology, dissemination, and implementation},
	volume = {28},
	shorttitle = {A comprehensive, multitiered, targeted community needs assessment model},
	number = {4},
	journal = {Family \& Community Health},
	author = {Finifter, David H. and Jensen, Christine J. and Wilson, Carol E. and Koenig, Bryan L.},
	year = {2005},
	keywords = {3473},
	pages = {293{\textendash}306},
	file = {Finifter_etal_2005_A comprehensive, multitiered, targeted community needs assessment model.pdf:/Users/jenskouros/Dropbox/Studium/Master/M6/3473/Finifter_etal_2005_A comprehensive, multitiered, targeted community needs assessment model.pdf:application/pdf}
},

@incollection{steffens_diskriminierung_2009,
	title = {Diskriminierung von Lesben, Schwulen und Bisexuellen},
	url = {http://link.springer.com/chapter/10.1007/978-3-531-91621-7_12},
	urldate = {2013-11-18},
	booktitle = {Diskriminierung und Toleranz},
	publisher = {Springer},
	author = {Steffens, Melanie Caroline and Wagner, Christof},
	editor = {Beelmann, Andreas and Jonas, Kai J},
	year = {2009},
	pages = {241{\textendash}262},
	file = {Snapshot:/Users/jenskouros/Library/Application Support/Firefox/Profiles/75bvjekt.default/zotero/storage/JNCU6NKF/978-3-531-91621-7_12.html:text/html}
},

@incollection{beelmann_scientific_2012,
	address = {Cambridge, {MA}},
	title = {The scientific foundations of prevention: The status quo and future challenges for developmental crime prevention},
	booktitle = {Antisocial behaviour and crime. Contributions of developmental and evaluation research to prevention and intervention},
	publisher = {Hogrefe Publishing},
	author = {Beelmann, Andreas},
	editor = {Bliesener, Thomas and Beelmann, Andreas and Stemmler, Mark},
	year = {2012},
	pages = {137--164}
},

@article{deaux_nation_2006,
	title = {A nation of immigrants: Living our legacy},
	volume = {62},
	shorttitle = {A nation of immigrants},
	url = {http://onlinelibrary.wiley.com/doi/10.1111/j.1540-4560.2006.00480.x/full},
	number = {3},
	urldate = {2014-02-24},
	journal = {Journal of Social Issues},
	author = {Deaux, Kay},
	year = {2006},
	keywords = {3472},
	pages = {633{\textendash}651},
	file = {Deaux - 2006 - A nation of immigrants Living our legacy.pdf:/Users/jenskouros/Dropbox/Studium/Master/M6/3472/Deaux - 2006 - A nation of immigrants Living our legacy.pdf:application/pdf}
},

@incollection{warschburger_theoretischer_2009,
	address = {Heidelberg},
	title = {Theoretischer Hintergrund},
	url = {http://books.google.com/books?hl=en&lr=&id=i5yP9oM9wDQC&oi=fnd&pg=PA2&dq=%22findet+sich+in+vielen%22+%22Beratung+unterscheidet+sich+jedoch%22+%22Abgrenzung+zum+%C2%BBRatgeben%C2%AB+im+Alltag%22+%22professioneller+psychosozialer%22+%22in+Institutionen+zur+Ehe-+und%22+%22Nutzen+aus+der+Beratung+zu%22+&ots=MgZScUFzJo&sig=HAMFVSRXRzxQuOF6Ri3ZHcDb9ZI},
	urldate = {2013-12-16},
	booktitle = {Beratungspsychologie},
	publisher = {Springer},
	author = {Warschburger, Petra},
	editor = {Warschburger, Petra},
	year = {2009},
	keywords = {3473},
	pages = {11--36},
	file = {Warschburger_2009_Theoretischer Hintergrund.pdf:/Users/jenskouros/Dropbox/Studium/Master/M6/3473/Warschburger_2009_Theoretischer Hintergrund.pdf:application/pdf}
},

@incollection{warschburger_beratungsprozess_2009,
	address = {Heidelberg},
	title = {Beratungsprozess},
	url = {http://books.google.com/books?hl=en&lr=&id=i5yP9oM9wDQC&oi=fnd&pg=PA2&dq=%22sequentielle+Abfolge+von+Ereignissen.%22+%22von+Culley,+2002).+Auf+der%22+%22und+Klient+fokussiert.+In+der%22+%22Dabei+wird+im+ersten+Schritt+untersucht,%22+%22professionelle+Hilfe+auf.+So+gehen%22+&ots=MgZScUFzJq&sig=n2gSekdcJYftRMP2z1EZKOojCl8},
	urldate = {2013-12-16},
	booktitle = {Beratungspsychologie},
	publisher = {Springer},
	author = {Warschburger, Petra},
	editor = {Warschburger, Petra},
	year = {2009},
	keywords = {3473},
	pages = {39--75},
	file = {Warschburger_2009_Beratungsprozess.pdf:/Users/jenskouros/Dropbox/Studium/Master/M6/3473/Warschburger_2009_Beratungsprozess.pdf:application/pdf}
},

@article{tropp_summary_2011,
	title = {A Summary of Research Findings on the Effects of Intergroup Contact Testimony Prepared for the Minnesota Education Commission Task Force on Integrated Schools},
	url = {http://www.school-diversity.org/pdf/Tropp_Minnesota_testimony_12-20-11.pdf},
	urldate = {2013-12-16},
	author = {Tropp, Linda R.},
	year = {2011},
	keywords = {3473},
	file = {Tropp_2011_A summary of research findings_Minnesota_testimony.pdf:/Users/jenskouros/Dropbox/Studium/Master/M6/3473/Tropp_2011_A summary of research findings_Minnesota_testimony.pdf:application/pdf}
},

@article{trickett_how_2011,
	title = {How are community interventions conceptualized and conducted? An analysis of published accounts},
	volume = {39},
	issn = {00904392},
	shorttitle = {How are community interventions conceptualized and conducted?},
	url = {http://doi.wiley.com/10.1002/jcop.20455},
	doi = {10.1002/jcop.20455},
	number = {5},
	urldate = {2013-12-16},
	journal = {Journal of Community Psychology},
	author = {Trickett, Edison J. and Espino, Susan Ryerson and Hawe, Penelope},
	month = jul,
	year = {2011},
	keywords = {3473},
	pages = {576--591},
	file = {Trickett et al_2011_How are community interventions conceptualized.pdf:/Users/jenskouros/Dropbox/Studium/Master/M6/3473/Trickett et al_2011_How are community interventions conceptualized.pdf:application/pdf}
},

@misc{renault_section_2013,
	title = {Section 14. {SWOT} Analysis: Strengths, Weaknesses, Opportunities, and Threats},
	url = {http://www.hsc.nemetro.k12.mn.us/services/Staff%20Development%20Resource%20Library%20Catalog%202006.pdf},
	urldate = {2013-12-16},
	journal = {Community Tool Box},
	author = {Renault, V},
	year = {2013},
	keywords = {3473},
	file = {SWOT Analysis- Strengths, Weaknesses, Opportunities, and Threats-1.pdf:/Users/jenskouros/Dropbox/Studium/Master/M6/3473/SWOT Analysis- Strengths, Weaknesses, Opportunities, and Threats-1.pdf:application/pdf}
},

@article{salas_science_2012,
	title = {The Science of Training and Development in Organizations: What Matters in Practice},
	volume = {13},
	issn = {1529-1006, 1539-6053},
	shorttitle = {The Science of Training and Development in Organizations},
	url = {http://psi.sagepub.com/lookup/doi/10.1177/1529100612436661},
	doi = {10.1177/1529100612436661},
	number = {2},
	urldate = {2013-12-16},
	journal = {Psychological Science in the Public Interest},
	author = {Salas, E. and Tannenbaum, S. I. and Kraiger, K. and Smith-Jentsch, K. A.},
	month = jun,
	year = {2012},
	keywords = {3473},
	pages = {74--101},
	file = {Salas et al_2012_The science of training and development in organizations.pdf:/Users/jenskouros/Dropbox/Studium/Master/M6/3473/Salas et al_2012_The science of training and development in organizations.pdf:application/pdf}
},

@article{foster-fishman_who_2009,
	title = {Who Participates and Why: Building a Process Model of Citizen Participation},
	volume = {36},
	issn = {1090-1981},
	shorttitle = {Who Participates and Why},
	url = {http://heb.sagepub.com/cgi/doi/10.1177/1090198108317408},
	doi = {10.1177/1090198108317408},
	number = {3},
	urldate = {2013-12-16},
	journal = {Health Education \& Behavior},
	author = {Foster-Fishman, P. G. and Pierce, S. J. and Van Egeren, L. A.},
	month = feb,
	year = {2009},
	keywords = {3473},
	pages = {550--569},
	file = {FosterFishman et al_2009_Who participates and why.Building a process model.pdf:/Users/jenskouros/Dropbox/Studium/Master/M6/3473/FosterFishman et al_2009_Who participates and why.Building a process model.pdf:application/pdf}
},

@book{warschburger_beratungspsychologie_2009,
	address = {Heidelberg},
	title = {Beratungspsychologie},
	url = {http://books.google.de/books?hl=de&lr=&id=i5yP9oM9wDQC&oi=fnd&pg=PA2&dq=beratungspsychologie+warschburger&ots=MgZUgWDxOq&sig=Ldw13b7_eORyvDRL0Q24UCxvO2c},
	urldate = {2014-01-13},
	publisher = {Springer},
	editor = {Warschburger, Petra},
	year = {2009},
	file = {Snapshot:/Users/jenskouros/Library/Application Support/Firefox/Profiles/75bvjekt.default/zotero/storage/FKPZCAIE/books.html:text/html}
},

@article{kohfeldt_five_2012-1,
	title = {The Five Whys Method: A Tool for Developing Problem Definitions in Collaboration with Children: The Five Whys},
	volume = {22},
	issn = {10529284},
	shorttitle = {The Five Whys Method},
	url = {http://doi.wiley.com/10.1002/casp.1114},
	doi = {10.1002/casp.1114},
	number = {4},
	urldate = {2014-02-13},
	journal = {Journal of Community \& Applied Social Psychology},
	author = {Kohfeldt, Danielle and Langhout, Regina Day},
	month = jul,
	year = {2012},
	pages = {316--329},
	file = {Kohfeldt_Day Langhout_2012_The five whys method_ A tool for developing problem definitions.pdf:/Users/jenskouros/Dropbox/Studium/Master/M6/3471/Kohfeldt_Day Langhout_2012_The five whys method_ A tool for developing problem definitions.pdf:application/pdf}
},

@incollection{morton_applying_2012,
	address = {Washington, {DC}},
	title = {Applying geographic information systems to community research},
	booktitle = {Methodological approaches to community based research},
	publisher = {American Psychological Association},
	author = {Morton, C. M. and Peterson, M. and Speer, P. W. and Reid, R. J. and Hughey, J.},
	year = {2012},
	pages = {205--220}
}